<?xml version="1.0" encoding="UTF-8"?><collection xmlns="http://www.loc.gov/MARC21/slim"><record><leader>00437nam--2200133-i-4500</leader><controlfield tag="001">000044172</controlfield><controlfield tag="002">20161230</controlfield><controlfield tag="005">20161230201044</controlfield><controlfield tag="008">060222s1000------------r-----000-0-eng-d</controlfield><datafield ind1=" " ind2=" " tag="100"><subfield code="a">Purice, R</subfield></datafield><datafield ind1=" " ind2=" " tag="245"><subfield code="a">Teoria cuantica a campului. partea a iv-a. reprezentarile finit dimensionale ale grupului rotatiilor si ale grupului lorentz</subfield></datafield><datafield ind1=" " ind2=" " tag="260"><subfield code="a">Campul Dirac Liber</subfield></datafield><datafield ind1=" " ind2=" " tag="490"><subfield code="a">Bucuresti, Institutul Central De Fizica, 1987</subfield></datafield><datafield ind1=" " ind2=" " tag="852"><subfield code="a">530.145</subfield></datafield></record></collection>